<?xml version="1.0" encoding="UTF-8"?><record xmlns="http://www.loc.gov/MARC21/slim" xmlns:cinclude="http://apache.org/cocoon/include/1.0" xmlns:zs="http://www.loc.gov/zing/srw/">
  <leader>00546cz  a2200133n  4500</leader>
  <controlfield tag="001">n  85323436 </controlfield>
  <controlfield tag="003">DLC</controlfield>
  <controlfield tag="005">20080320075300.0</controlfield>
  <controlfield tag="008">870929n| acannaabn          |n ana     c</controlfield>
  <datafield tag="010" ind1=" " ind2=" ">
    <subfield code="a">n  85323436 </subfield>
  </datafield>
  <datafield tag="035" ind1=" " ind2=" ">
    <subfield code="a">(OCoLC)oca01950581</subfield>
  </datafield>
  <datafield tag="040" ind1=" " ind2=" ">
    <subfield code="a">DGPO</subfield>
    <subfield code="b">eng</subfield>
    <subfield code="c">DLC</subfield>
    <subfield code="d">DLC</subfield>
    <subfield code="d">OCoLC</subfield>
  </datafield>
  <datafield tag="110" ind1="2" ind2=" ">
    <subfield code="a">Virginia Polytechnic Institute and State University.</subfield>
    <subfield code="b">Center for Gerontology</subfield>
  </datafield>
  <datafield tag="670" ind1=" " ind2=" ">
    <subfield code="a">McAuley, W.J. Coordinated career preparation targeting the rural elderly, 1986:</subfield>
    <subfield code="b">t.p. (Virginia Polytechnic Institute and State University, Center for Gerontology, Blacksburg, Va.)</subfield>
  </datafield>
</record>